<?xml version="1.0" encoding="UTF-8"?><record xmlns="http://www.loc.gov/MARC21/slim" xmlns:cinclude="http://apache.org/cocoon/include/1.0" xmlns:zs="http://www.loc.gov/zing/srw/">
  <leader>00573nz  a2200157n  4500</leader>
  <controlfield tag="001">no2015151809</controlfield>
  <controlfield tag="003">DLC</controlfield>
  <controlfield tag="005">20151113073542.0</controlfield>
  <controlfield tag="008">151112n| azannaabn          |n ana     c</controlfield>
  <datafield tag="010" ind1=" " ind2=" ">
    <subfield code="a">no2015151809</subfield>
  </datafield>
  <datafield tag="035" ind1=" " ind2=" ">
    <subfield code="a">(OCoLC)oca10319770</subfield>
  </datafield>
  <datafield tag="040" ind1=" " ind2=" ">
    <subfield code="a">Nc</subfield>
    <subfield code="b">eng</subfield>
    <subfield code="e">rda</subfield>
    <subfield code="c">Nc</subfield>
  </datafield>
  <datafield tag="110" ind1="2" ind2=" ">
    <subfield code="a">Atlantic Casualty Insurance Company</subfield>
  </datafield>
  <datafield tag="370" ind1=" " ind2=" ">
    <subfield code="e">Goldsboro (N.C.)</subfield>
    <subfield code="2">naf</subfield>
  </datafield>
  <datafield tag="377" ind1=" " ind2=" ">
    <subfield code="a">eng</subfield>
  </datafield>
  <datafield tag="670" ind1=" " ind2=" ">
    <subfield code="a">Report on market conduct examination of the Atlantic Casualty Insurance Company, Goldsboro, North Carolina, April 12, 2005:</subfield>
    <subfield code="b">title page (Atlantic Casualty Insurance Company, Goldsboro, North Carolina)</subfield>
  </datafield>
</record>